@STRING(="")

@ARTICLE{,
	AUTHOR = "",
	TITLE = "",
	JOURNAL = {},
	VOLUME = {},
	NUMBER = {},
	PAGES = {},
	MONTH = "",
	YEAR = {}	}

@INPROCEEDINGS{,
	AUTHOR = "",
	TITLE = "",
	BOOKTITLE = "",
	PAGES = "",
	ORGANIZATION = "",
	MONTH = "", 
	YEAR = {}	}

%% ------------------------------------------------------------------- %%
%% Collaborative Education 
%% ------------------------------------------------------------------- %%

@ARTICLE{BELLER,
	AUTHOR = "Michal Beller and Ehud Or",
	TITLE = "The crossroads between lifelong learning and information technology: A challenge facing leading universities",
	JOURNAL = {Journal of Computer Mediated Communication},
	VOLUME = {4(2)},
	NUMBER = {},
	PAGES = {},
	MONTH = "",
	YEAR = {1999}	}

@ARTICLE{BURGESS,
	AUTHOR = "Dr. Lesta A. Burgess and Dr. Shawn D. Strong",
	TITLE = "Trends in Online Education: Case Study at Southwest Missouri State University",
	JOURNAL = {Journal of Industrial Teacher Education},
	VOLUME = {19(3)},
	NUMBER = {},
	PAGES = {},
	MONTH = "",
	YEAR = {2003}	}

@INPROCEEDINGS{CHOI,
	AUTHOR = "Jeong-Dan Choi and Ki-Jong Byun and Byung-Tae Jang and Chi-Jeong Hwang",
	TITLE = "A synchronization method for real time surround display using clustered systems",
	BOOKTITLE = "Proceedings of the ACM MultiMedia 2002",
	PAGES = "259-262",
	ORGANIZATION = "",
	MONTH = "", 
	YEAR = {2002}	}

@ARTICLE{DOE,
	AUTHOR = "US Department of Education, NCFES",
	TITLE = "Distance education of postsecondary education institutions: 1997-1998",
	JOURNAL = {NCES},
	VOLUME = {},
	NUMBER = {},
	PAGES = {},
	MONTH = "",
	YEAR = {1999}	}

@INPROCEEDINGS{GUERRI,
	AUTHOR = "Juan Carlos Guerri and Carlos Palau and Ana Pajares and Manuel Esteve",
	TITLE = "A real-time e-learning system via satellite based on JMF and Windows Media",
	BOOKTITLE = "Proceedings of the ACM MultiMedia 2002",
	PAGES = "219-222",
	ORGANIZATION = "",
	MONTH = "", 
	YEAR = {2002}	}

@INPROCEEDINGS{LIU2,
	AUTHOR = "Kuo-Yu Liu and Natalius Huang and Bo-Hung Wu and Wei-Ta Chu and Herng-Yow Chen",
	TITLE = "The WSML system: web-based synchronization multimedia lecture system",
        BOOKTITLE="Proceedings of the ACM MultiMedia 2002",
	PAGES = "662-663",
	ORGANIZATION = "",
	MONTH = "", 
	YEAR = {2002}	}

%% shows stats that students like collaboration
@ARTICLE{WELLS,
	AUTHOR = "John G. Wells",
	TITLE = "Effects Of An On-Line Computer-Mediated Communication Course, Prior Computer Experience and Internet Knowledge, and Learning Styles On Students' Internet Attitudes Computer-Mediated Technologies and New Educational Challenges",
	JOURNAL = {Journal of Industrial Teacher Education},
	VOLUME = {37(3)},
	NUMBER = {},
	PAGES = {},
	MONTH = "",
	YEAR = {2002}	}

%% ------------------------------------------------------------------- %%
%% quality of service
%% ------------------------------------------------------------------- %%

@INPROCEEDINGS{CUI,
   AUTHOR="Yi Cui and Klara Nahrstedt",
   TITLE="Supporting QoS for ubiquitous multimedia service delivery",
   BOOKTITLE="Proceedings of the ACM MultiMedia 2002",
   PAGES="461-462",
   YEAR={2001} }

@INPROCEEDINGS{LEI,
   AUTHOR="Zhijun Lei and Nicolas D. Georganas",
   TITLE="Rate adaptation transcoding for precoded video streams",
   BOOKTITLE="Proceedings of the ACM MultiMedia 2002",
   PAGES="127-136",
   YEAR={2002} }

@INPROCEEDINGS{LIU,
   AUTHOR="Jiangchuan Liu and Bo Li and Ya-Qin Zhang",
   TITLE="Adaptive Video Multicast over the Internet",
   BOOKTITLE="Proceedings of the 2003 IEEE MultiMedia",
   pages="22-33",
   year={2003} }

@INPROCEEDINGS{KRASIC,
   AUTHOR="Charles Krasic and Jonathan Walpole",
   TITLE="Priority-progress streaming for quality-adaptive multimedia",
   BOOKTITLE="Proceedings of the ACM MultiMedia 2001",
   PAGES="463-464",
   YEAR={2001}  }

%% couldn't get this paper
@INPROCEEDINGS{MILITZER,
   AUTHOR="Michael Militzer and Maciej Suchomski and Klaus Meyer-Wegener",
   TITLE="Improved p-domain rate control and perceived quality optimizations for MPEG-4 real-time video applications",
   BOOKTITLE="Proceedings of the ACM MultiMedia 2003",
   PAGES="402-411",
   YEAR={2003} }

@INPROCEEDINGS{TAN,
   AUTHOR="Kun Tan and Richard Ribier and Shih-Ping Liou",
   TITLE="Content-sensitive video streaming over low bitrate and lossy wireless network",
   BOOKTITLE="Proceedings of the ACM MultiMedia 2001",
   PAGES="512-515",
   YEAR={2001} }

@INPROCEEDINGS{THAKUR,
   AUTHOR="Aruna Thakur and Lenka Carr-Motycokva",
   TITLE="A dynamic controller for optimal layering of video",
   BOOKTITLE="Proceedings of the ACM MultiMedia 2002",
   PAGES="641-643",
   YEAR={2002}  }

@INPROCEEDINGS{WANG,
   AUTHOR="Zhiheng Wang and Sujata Banerjee and Sugih Jamin",
   TITLE="Studying streaming video quality: from an application point of view",
   BOOKTITLE="Proceedings of the ACM MultiMedia 2003",
   PAGES="327-330",
   YEAR={2003} }

%% ------------------------------------------------------------------- %%
%% Semantic compression and video hierarchy related
%% ------------------------------------------------------------------- %%

% Multicast streaming of hierarchical MPEG-4 presentations. 211-214
@InProceedings{NEUMANN,
   AUTHOR="Christoph Neumann and Vincent Roca",
   TITLE="Multicast streaming of hierarchical MPEG-4 presentations",
   BOOKTITLE="Proceedings of the ACM MultiMedia 2002",
   PAGES="211-214",
   YEAR={2002} }

@INPROCEEDINGS{SHIPMAN,
   AUTHOR="Frank Shipman and Andreas Girgensohn and Lynn Wilcox",
   TITLE="Generation of interactive multi-level video summaries",
   BOOKTITLE="Proceedings of the ACM MultiMedia 2001",
   PAGES="392-401",
   YEAR={2003} }

@INPROCEEDINGS{TIECHENG,
   AUTHOR="Tiecheng Liu and John R. Kender",
   TITLE="Time-Constrained Dynamic Semantic Compression for Video Indexing and Interactive Searching",
   BOOKTITLE="Proceedings of the 2001 IEEE Computer Society Conference on Computer Vision and Pattern Recognition",
   VOLUME={2},
   PAGES="531-538",
   year={2001} }

%% ------------------------------------------------------------------- %%
%% Shared control
%% ------------------------------------------------------------------- %%

% collaborative browsing
@INPROCEEDINGS{CAPPS,
   AUTHOR="Michael Capps and Brian Laddi and David Stotts and Lars Nyland",
   TITLE="Educational applications of multi-client synchronization through improved Web graph semantics",
   BOOKTITLE="5th International Workshops on Enabling Technologies: Infrastructure for Collaborative Enterprises",
   YEAR={1996}  }

@INPROCEEDINGS{LIAO,
   AUTHOR="Chunyuan Liao and Qiong Liu and Don Kimber and Patrick Chiu and Jonathan Foote and Lynn Wilcox",
   TITLE="Shared interactive video for teleconferencing",
   BOOKTITLE="Proceedings of the ACM MultiMedia 2003",
   PAGES="546-554",
   YEAR={2003}  }

% collaborative browsing
@INPROCEEDINGS{LIEBERMAN,
   AUTHOR="Henry Lieberman and Neil Van Dyke and Adriana Vivacqua",
   TITLE="Let's Browse: A Collaborative Web Browsing Agent",
   BOOKTITLE="Proceedings of the 1999 International Conference on Intelligent User Interfaces",
   YEAR={1999}  }

% collaborative browsing
@INPROCEEDINGS{SIDLER,
   AUTHOR="Gabriel Sidler and Adrew Scott and Heiner Wolf",
   TITLE="Collaborative Browsing in the World Wide Web",
   BOOKTITLE="8th Joint European Networking Conference Proceedings",
   YEAR={1997} }

@INPROCEEDINGS{STENZLER,
   AUTHOR="Michael K. Stenzler and Richard R. Eckert",
   TITLE="Interactive Video",
   BOOKTITLE="ACM Special Interest Group on Computer-Human Interaction",
   VOLUME={28:2},
   MONTH={April},
   YEAR={1996} }

@ARTICLE{WALTER,
   AUTHOR="Thomas Walter and Lukas Ruf and Bernhard Plattner",
   TITLE="Easy Teach and Learn: A Web-Based Adaptive Middleware for Creating Virtual Classrooms",
   JOURNAL="European High Performance Computing and Networking",
   YEAR={2000} }

@INPROCEEDINGS{VOGEL,
   AUTHOR="Jürgen Vogel and Martin Mauve",
   TITLE="Consistency control for distributed interactive media",
   BOOKTITLE="Proceedings of the ACM MultiMedia 2001",
   PAGES="221-230",
   YEAR={2001}  }

%% ------------------------------------------------------------------- %%
%% Synchronization schemes 
%% ------------------------------------------------------------------- %%

@INPROCEEDINGS{LIENHART,
   AUTHOR="Rainer Lienhart and  Igor Kozintsev and Stefan Wehr",
   TITLE="Universal synchronization scheme for distributed audio-video capture on heterogeneous computing platforms",
   BOOKTITLE="Proceedings of the ACM MultiMedia 2003",
   PAGES="263-266",
   YEAR={2003}  }

%% ------------------------------------------------------------------- %%
%% Misc
%% ------------------------------------------------------------------- %%

@TECHREPORT{CHIME,
   AUTHOR="Stephen E. Dossick and Gail E. Kaiser",
   TITLE="CHIME: A Metadata-Based Distributed Software Development Environment",
   BOOKTITLE="CUCS Technical Report CUCS-006-99",
   YEAR={1999} }

@Article{COX,
   AUTHOR="Andy Cox and Eric Luiijf and Ron van Kampen and Rob Ripley",
   TITLE="Time Synchronization Experiments",
   JOURNAL="UNKNOWN",
   YEAR={2001} }

@INPROCEEDINGS{KIM,
   AUTHOR="Moon Hae Kim and Eun Hwan Jo",
   TITLE="Global Time-Based Synchronization of Real-Time Multimedia Streaming",
   JOURNAL="The Ninth IEEE International Workshop on Object-Oriented Real-Time Dependable Systems",
   YEAR={2003}  }

@MISC{NTP,
   AUTHOR="David L. Mills",
   TITLE="Network Time Protocol",
   HOWPUBLISHED="RFC 958",
   YEAR={1985}  }

@INPROCEEDINGS{PEPPO,
   AUTHOR="Guisppe Valetto and Gail Kaiser",
   TITLE="UNKNOWN",
   BOOKTITLE="UNKNOWN",
   YEAR={2001} }

@INPROCEEDINGS{REFARCH,
   AUTHOR="Gail Kaiser",
   TITLE="Reference Architecture paper",
   BOOKTITLE="who knows",
   year=2004
}

@MISC{SIENA,
  %  author = "Network Associates",
  %   title= "Privman - A library to make Privilege Separation easy",
   HOWPUBLISHED="\url{http://www.cs.colorado.edu/$\sim$carzanig/siena/}",
}

@InProceedings{SHAPERD,
  %  author = "Network Associates",
  %   title= "Privman - A library to make Privilege Separation easy",
   HOWPUBLISHED="\url{http://freshmeat.net/projects/shaperd/}",
}

@TechReport{VECTORS,
  AUTHOR =        {Suhit Gupta and Gail Kaiser},
  TITLE =         "{A Virtual Environment for Collaborative Distance Learning With Video Synchronization}",
  NUMBER =        {CUCS-008-04},
  INSTITUTION =   {Columbia University},
  ADDRESS =       {New York, NY},
  MONTH =         April,
  YEAR  =         2004
 }

% NEED TO CHECK THESE OUT
% gud: Golas, K. (2000). Guidelines for Designing Online Learning. [On-Line].
% gud: Hill, J.R., & Raven, A. (2000). Online Learning Communities: If You Build Them, Will They Stay?. [On-Line].
% gud: Miller, S.K. (2000). Collaboration at Warp Speed. [On-Line].
% gud: NPTalk. (2000). Collaborative Virtual Office Tools. [On-Line].
